@misc{TISHBY,
        author = "Ravid Schwarz-Ziv and Naftali Tishby",
        title = "Opening the Black Box of Deep Neural Networks via Information",
        year = "2017" }
@misc{SAXE,
        author = "Andrew M. Saxe, Yamini Bansal, Joel Dapello, Madhu Advani,
        Artemy Kolchinsky, Brendan D. Tracey, and David D. Cox",
        title = "On the Information Bottleneck Theory of Deep Learning",
        year = "2018" }
